<?xml version="1.0" encoding="UTF-8"?><collection><record><leader>00000nam a22004815i 4500</leader><controlfield tag="001">017790964</controlfield><controlfield tag="003">MiU</controlfield><controlfield tag="005">20200311123000.0</controlfield><controlfield tag="006">m|||||o||d||||||||</controlfield><controlfield tag="007">cr || ||||||||</controlfield><controlfield tag="008">191126s2013    nju    fo  d z    0 eng d</controlfield><datafield tag="020" ind1=" " ind2=" "><subfield code="a">9781400847952</subfield></datafield><datafield tag="024" ind1="7" ind2=" "><subfield code="a">10.1515/9781400847952</subfield><subfield code="2">doi</subfield></datafield><datafield tag="035" ind1=" " ind2=" "><subfield code="a">(DeGruyter)upresspup 9781400847952</subfield></datafield><datafield tag="035" ind1=" " ind2=" "><subfield code="a">(DE-B1597)528278</subfield></datafield><datafield tag="035" ind1=" " ind2=" "><subfield code="a">(OCoLC)1129216974</subfield></datafield><datafield tag="040" ind1=" " ind2=" "><subfield code="a">DE-B1597</subfield><subfield code="b">eng</subfield><subfield code="c">DE-B1597</subfield><subfield code="e">rda</subfield><subfield code="d">MiU</subfield></datafield><datafield tag="041" ind1="0" ind2=" "><subfield code="a">eng</subfield></datafield><datafield tag="044" ind1=" " ind2=" "><subfield code="a">nju</subfield><subfield code="c">US-NJ</subfield></datafield><datafield tag="050" ind1=" " ind2="4"><subfield code="a">PN56.R3</subfield><subfield code="b">A83 2003</subfield></datafield><datafield tag="082" ind1="0" ind2="4"><subfield code="a">809/.912</subfield><subfield code="2">21</subfield></datafield><datafield tag="100" ind1="1" ind2=" "><subfield code="a">Auerbach, Erich,</subfield><subfield code="d">1892-1957,</subfield><subfield code="e">author.</subfield><subfield code="4">aut</subfield><subfield code="4">http://id.loc.gov/vocabulary/relators/aut</subfield><subfield code="0">http://id.loc.gov/authorities/names/n82023950</subfield><subfield code="1">http://viaf.org/viaf/41836053</subfield></datafield><datafield tag="245" ind1="1" ind2="0"><subfield code="a">Mimesis :</subfield><subfield code="b">The Representation of Reality in Western Literature - New and Expanded Edition /</subfield><subfield code="c">Edward W. Said, Erich Auerbach.</subfield></datafield><datafield tag="264" ind1=" " ind2="1"><subfield code="a">Princeton, NJ :</subfield><subfield code="b">Princeton University Press,</subfield><subfield code="c">[2013]</subfield></datafield><datafield tag="264" ind1=" " ind2="4"><subfield code="c">©2014</subfield></datafield><datafield tag="300" ind1=" " ind2=" "><subfield code="a">1 online resource (616 p.)</subfield></datafield><datafield tag="336" ind1=" " ind2=" "><subfield code="a">text</subfield><subfield code="b">txt</subfield><subfield code="2">rdacontent</subfield></datafield><datafield tag="337" ind1=" " ind2=" "><subfield code="a">computer</subfield><subfield code="b">c</subfield><subfield code="2">rdamedia</subfield></datafield><datafield tag="338" ind1=" " ind2=" "><subfield code="a">online resource</subfield><subfield code="b">cr</subfield><subfield code="2">rdacarrier</subfield></datafield><datafield tag="347" ind1=" " ind2=" "><subfield code="a">text file</subfield><subfield code="b">PDF</subfield><subfield code="2">rda</subfield></datafield><datafield tag="505" ind1="0" ind2="0"><subfield code="t">Frontmatter --</subfield><subfield code="t">CONTENTS --</subfield><subfield code="t">INTRODUCTION TO THE FIFTIETH-ANNIVERSARY EDITION --</subfield><subfield code="t">MIMESIS --</subfield><subfield code="t">1. ODYSSEUS' SCAR --</subfield><subfield code="t">2. FORTUNATA --</subfield><subfield code="t">3. THE ARREST OF PETER VALVOMERES --</subfield><subfield code="t">4. SICHARIUS AND CHRAMNESINDUS --</subfield><subfield code="t">5. ROLAND AGAINST GANELON --</subfield><subfield code="t">6. THE KNIGHT SETS FORTH --</subfield><subfield code="t">7. ADAM AND EVE --</subfield><subfield code="t">8. FARINATA AND CAVALCANTE --</subfield><subfield code="t">9. FRATE ALBERTO --</subfield><subfield code="t">10. MADAME DU CHASTEL --</subfield><subfield code="t">11. THE WORLD IN PANTAGRUEL'S MOUTH --</subfield><subfield code="t">12. L'HUMAINE CONDITION --</subfield><subfield code="t">13. THE WEARY PRINCE --</subfield><subfield code="t">14. THE ENCHANTED DULCINEA --</subfield><subfield code="t">15. THE FAUX DEVOT --</subfield><subfield code="t">16. THE INTERRUPTED SUPPER --</subfield><subfield code="t">17. MILLER THE MUSICIAN --</subfield><subfield code="t">18. IN THE HOTEL DE LA MOLE --</subfield><subfield code="t">19. GERMINIE LACERTE UX --</subfield><subfield code="t">20. THE BROWN STOCKING --</subfield><subfield code="t">EPILOGUE --</subfield><subfield code="t">APPENDIX: "EPILEGOMENA TO MIMESIS" --</subfield><subfield code="t">INDEX</subfield></datafield><datafield tag="506" ind1="0" ind2=" "><subfield code="a">restricted access</subfield><subfield code="u">http://purl.org/coar/access_right/c_16ec</subfield><subfield code="f">online access with authorization</subfield><subfield code="2">star</subfield></datafield><datafield tag="520" ind1=" " ind2=" "><subfield code="a">More than half a century after its translation into English, Erich Auerbach's Mimesis remains a masterpiece of literary criticism. A brilliant display of erudition, wit, and wisdom, his exploration of how great European writers from Homer to Virginia Woolf depicted reality has taught generations how to read Western literature. This new expanded edition includes a substantial essay in introduction by Edward Said as well as an essay, never before translated into English, in which Auerbach responds to his critics. A German Jew, Auerbach was forced out of his professorship at the University of Marburg in 1935. He left for Turkey, where he taught at the state university in Istanbul. There he wrote Mimesis, publishing it in German after the end of the war. Displaced as he was, Auerbach produced a work of great erudition that contains no footnotes, basing his arguments instead on searching, illuminating readings of key passages from his primary texts. His aim was to show how from antiquity to the twentieth century literature progressed toward ever more naturalistic and democratic forms of representation. This essentially optimistic view of European history now appears as a defensive--and impassioned--response to the inhumanity he saw in the Third Reich. Ranging over works in Greek, Latin, Spanish, French, Italian, German, and English, Auerbach used his remarkable skills in philology and comparative literature to refute any narrow form of nationalism or chauvinism, in his own day and ours. For many readers, both inside and outside the academy, Mimesis is among the finest works of literary criticism ever written. This Princeton Classics edition includes a substantial introduction by Edward Said as well as an essay in which Auerbach responds to his critics.</subfield></datafield><datafield tag="538" ind1=" " ind2=" "><subfield code="a">Mode of access: Internet via World Wide Web.</subfield></datafield><datafield tag="546" ind1=" " ind2=" "><subfield code="a">In English.</subfield></datafield><datafield tag="588" ind1="0" ind2=" "><subfield code="a">Description based on online resource; title from PDF title page (publisher's Web site, viewed 26. Nov 2019)</subfield></datafield><datafield tag="650" ind1=" " ind2="0"><subfield code="a">Literature</subfield><subfield code="x">History and criticism.</subfield></datafield><datafield tag="650" ind1=" " ind2="0"><subfield code="a">Mimesis in literature.</subfield></datafield><datafield tag="650" ind1=" " ind2="0"><subfield code="a">Reality in literature.</subfield></datafield><datafield tag="650" ind1=" " ind2="7"><subfield code="a">LITERARY CRITICISM / Comparative Literature.</subfield><subfield code="2">bisacsh</subfield></datafield><datafield tag="700" ind1="1" ind2=" "><subfield code="a">Said, Edward W.,</subfield><subfield code="e">author.</subfield><subfield code="4">aut</subfield><subfield code="4">http://id.loc.gov/vocabulary/relators/aut</subfield><subfield code="0">http://id.loc.gov/authorities/names/n79054179</subfield><subfield code="1">http://viaf.org/viaf/82539804</subfield></datafield><datafield tag="700" ind1="1" ind2=" "><subfield code="a">Trask, Willard R.</subfield><subfield code="1">http://viaf.org/viaf/11227739</subfield></datafield><datafield tag="710" ind1="2" ind2=" "><subfield code="a">Princeton University Press</subfield><subfield code="0">http://id.loc.gov/authorities/names/n80137807</subfield><subfield code="1">http://viaf.org/viaf/158317684</subfield></datafield><datafield tag="730" ind1="0" ind2=" "><subfield code="a">De Gruyter University Press Pilot.</subfield></datafield><datafield tag="856" ind1="4" ind2="0"><subfield code="z">Access to the De Gruyter online version restricted; authentication may be required:</subfield><subfield code="u">https://doi.org/10.1515/9781400847952</subfield></datafield><datafield tag="852" ind1="6" ind2=" "><subfield code="a">MiU</subfield><subfield code="b">ELEC</subfield><subfield code="h">See URL for access</subfield></datafield><datafield tag="970" ind1=" " ind2=" "><subfield code="a">BK</subfield><subfield code="b">Book</subfield></datafield><datafield tag="971" ind1=" " ind2=" "><subfield code="a">MiU</subfield></datafield><datafield tag="972" ind1=" " ind2=" "><subfield code="c">20200311</subfield></datafield><datafield tag="974" ind1=" " ind2=" "><subfield code="a">B11417753</subfield><subfield code="b">ELEC</subfield><subfield code="f">08</subfield></datafield><datafield tag="997" ind1=" " ind2=" "><subfield code="a">MARS</subfield></datafield><datafield tag="998" ind1=" " ind2=" "><subfield code="c">upresspup-dld ERLoad20200311</subfield></datafield><datafield tag="999" ind1=" " ind2=" "><subfield code="a">BATCH-UPD</subfield><subfield code="b">20</subfield><subfield code="c">20200519</subfield><subfield code="l">MIU01</subfield><subfield code="h">1611</subfield></datafield><datafield tag="969" ind1="8" ind2="8"><subfield code="a">incoming 001</subfield><subfield code="b">9781400847952</subfield><subfield code="c">incoming 003</subfield><subfield code="d">DE-B1597</subfield><subfield code="e">upresspup_20b</subfield></datafield><datafield tag="973" ind1=" " ind2=" "><subfield code="a">AO</subfield><subfield code="b">avail_online</subfield></datafield></record></collection>
